@ARTICLE{SolarIron,
       author = {{Loulergue}, M. and {Nussbaumer}, H.},
        title = "{A study of Fe XVII and Ni XIX coronal lines.}",
      journal = {\aap},
     keywords = {Iron, Line Spectra, Nickel, Solar Corona, Transition Probabilities, Abundance, Atomic Excitations, Emission Spectra, Ion Density (Concentration), Ion Recombination, Ionic Collisions, Metal Ions, Radiant Flux Density, Radiative Transfer, Solar Spectra, X Ray Spectra, Solar Physics},
         year = 1975,
        month = dec,
       volume = {45},
        pages = {125-134},
       adsurl = {https://ui.adsabs.harvard.edu/abs/1975A&A....45..125L},
      adsnote = {Provided by the SAO/NASA Astrophysics Data System}
}
@article{FD,
  title = {The Theory of Positrons},
  author = {Feynman, R. P.},
  journal = {Phys. Rev.},
  volume = {76},
  issue = {6},
  pages = {749--759},
  numpages = {0},
  year = {1949},
  month = {Sep},
  publisher = {American Physical Society},
  doi = {10.1103/PhysRev.76.749},
  url = {https://link.aps.org/doi/10.1103/PhysRev.76.749}
}
@book{trudeau1993introduction,
  title={Introduction to Graph Theory},
  author={Trudeau, R.J.},
  isbn={9780486678702},
  lccn={lc93032996},
  series={Dover Books on Mathematics},
  url={https://books.google.de/books?id=NunuAAAAMAAJ},
  year={1993},
  publisher={Dover Pub.}
}
@article{jsymbolsRef,
author = {Johansson, H. T. and Forss\'en, C.},
title = {Fast and Accurate Evaluation of Wigner 3\$j\$, 6\$j\$, and 9\$j\$ Symbols Using Prime Factorization and Multiword Integer Arithmetic},
journal = {SIAM Journal on Scientific Computing},
volume = {38},
number = {1},
pages = {A376-A384},
year = {2016},
doi = {10.1137/15M1021908},
URL = {https://doi.org/10.1137/15M1021908},
eprint = {https://doi.org/10.1137/15M1021908}
}
@Article{Pearson2017,
author={Pearson, John W.
and Olver, Sheehan
and Porter, Mason A.},
title={Numerical methods for the computation of the confluent and Gauss hypergeometric functions},
journal={Numerical Algorithms},
year={2017},
month={Mar},
day={01},
volume={74},
number={3},
pages={821-866},
issn={1572-9265},
doi={10.1007/s11075-016-0173-0},
url={https://doi.org/10.1007/s11075-016-0173-0}
}

@book{biedenharn1984angular,
  title={Angular Momentum in Quantum Physics: Theory and Application},
  author={Biedenharn, L.C. and Louck, J.D. and Carruthers, P.A.},
  isbn={9781107093713},
  series={Encyclopedia of Mathematics and Its Applications Series},
  url={https://books.google.de/books?id=jUGhoAEACAAJ},
  year={1984},
  publisher={Cambridge University Press}
}
@Article{Koppl2016,
author={K{\"o}ppl, Christoph
and Werner, Hans-Joachim},
title={Parallel and Low-Order Scaling Implementation of Hartree--Fock Exchange Using Local Density Fitting},
journal={Journal of Chemical Theory and Computation},
year={2016},
month={Jul},
day={12},
publisher={American Chemical Society},
volume={12},
number={7},
pages={3122-3134},
issn={1549-9618},
doi={10.1021/acs.jctc.6b00251},
url={https://doi.org/10.1021/acs.jctc.6b00251}
}
@book{ebbing2007general,
  title={General Chemistry: Media Enhanced Edition},
  author={Ebbing, D. and Gammon, S.D.},
  isbn={9780618738793},
  lccn={2006935159},
  url={https://books.google.de/books?id=\_vRm5tiUJcsC},
  year={2007},
  publisher={Cengage Learning}
}
@article{ABAD1999237,
title = {Buchholz polynomials: a family of polynomials relating solutions of confluent hypergeometric and Bessel equations},
journal = {Journal of Computational and Applied Mathematics},
volume = {101},
number = {1},
pages = {237-241},
year = {1999},
issn = {0377-0427},
doi = {https://doi.org/10.1016/S0377-0427(99)00226-5},
url = {https://www.sciencedirect.com/science/article/pii/S0377042799002265},
author = {Julio Abad and Javier Sesma},
keywords = {Confluent hypergeometric function, Modified Bessel function, Buchholz polynomials},
abstract = {The expansion given by H. Buchholz, that allows one to express the regular confluent hypergeometric function M(a,b,z) as a series of modified Bessel functions with polynomial coefficients, is generalized to any solution of the confluent hypergeometric equation, by using a differential recurrence obeyed by the Buchholz polynomials.}
}
@book{hazewinkel1993encyclopaedia,
  title={Encyclopaedia of Mathematics: Stochastic Approximation — Zygmund Class of Functions},
  author={Hazewinkel, M.},
  isbn={9781556080081},
  lccn={87026437},
  series={Encyclopaedia of Mathematics},
  url={https://books.google.de/books?id=1ttmCRCerVUC},
  year={1993},
  publisher={Springer Netherlands}
}
@article{marini_relativistic_1981,
    title = {Relativistic theory of binding energies of heavy positive ions},
    volume = {20},
    issn = {0020-7608, 1097-461X},
    url = {http://doi.wiley.com/10.1002/qua.560200311},
    doi = {10.1002/qua.560200311},
    number = {3},
    urldate = {2019-07-24},
    journal = {Int. J. Quantum Chem.},
    author = {Marini, U. and Marconi, Bettolo and March, N. H.},
    month = sep,
    year = {1981},
    pages = {693--704}
}
@article{waber_relativistic_1975,
    title = {Relativistic effects in the thomas-fermi atom},
    volume = {9},
    issn = {00207608, 1097461X},
    url = {http://doi.wiley.com/10.1002/qua.560090810},
    doi = {10.1002/qua.560090810},
    number = {S9},
    journal = {Int. J. Quantum Chem.},
    author = {Waber, J. T. and Canfield, J. M.},
    month = jun,
    year = {1975},
    pages = {51--58}
}
@article{gilvarry_relativistic_1954,
    title = {Relativistic {Thomas}-{Fermi} {Atom} {Model}},
    volume = {95},
    issn = {0031-899X},
    url = {https://link.aps.org/doi/10.1103/PhysRev.95.71},
    doi = {10.1103/PhysRev.95.71},
    number = {1},
    urldate = {2019-07-29},
    journal = {Phys. Rev.},
    author = {Gilvarry, J. J.},
    month = jul,
    year = {1954},
    pages = {71--72}
}

@article{VISSCHER1997207,
title = {DIRAC–FOCK ATOMIC ELECTRONIC STRUCTURE CALCULATIONS USING DIFFERENT NUCLEAR CHARGE DISTRIBUTIONS},
journal = {Atomic Data and Nuclear Data Tables},
volume = {67},
number = {2},
pages = {207-224},
year = {1997},
issn = {0092-640X},
doi = {https://doi.org/10.1006/adnd.1997.0751},
url = {https://www.sciencedirect.com/science/article/pii/S0092640X97907518},
author = {L. Visscher and K.G. Dyall},
}
@article{PhysRev93788,
  title = {Theory of Bremsstrahlung and Pair Production. II. Integral Cross Section for Pair Production},
  author = {Davies, Handel and Bethe, H. A. and Maximon, L. C.},
  journal = {Phys. Rev.},
  volume = {93},
  issue = {4},
  pages = {788--795},
  numpages = {0},
  year = {1954},
  month = {Feb},
  publisher = {American Physical Society},
  doi = {10.1103/PhysRev.93.788},
  url = {https://link.aps.org/doi/10.1103/PhysRev.93.788}
}
@Article{Gordon1928,
author={Gordon, W.},
title={Der Strom der Diracschen Elektronentheorie},
journal={Zeitschrift f{\"u}r Physik},
year={1928},
month={Sep},
day={01},
volume={50},
number={9},
pages={630-632},
abstract={Der Strom wird in Leitungs- und Polarisationsstrom zerlegt.},
issn={0044-3328},
doi={10.1007/BF01327881},
url={https://doi.org/10.1007/BF01327881}
}
@article{clementi1963atomic,
  title={Atomic screening constants from SCF functions},
  author={Clementi, Enrico and Raimondi, D-L\_},
  journal={The Journal of Chemical Physics},
  volume={38},
  number={11},
  pages={2686--2689},
  year={1963},
  publisher={American Institute of Physics}
}
@article{clementi1967atomic,
  title={Atomic screening constants from SCF functions. II. Atoms with 37 to 86 electrons},
  author={Clementi, Enrico and Raimondi, DL and Reinhardt, William P},
  journal={The Journal of chemical physics},
  volume={47},
  number={4},
  pages={1300--1307},
  year={1967},
  publisher={American Institute of Physics}
}
@book{Brink:104381,
    author        = "Brink, David Maurice and Satchler, George Raymond",
    title         = "{Angular momentum; 2nd ed.}",
    publisher     = "Clarendon Press",
    address       = "Oxford",
    series        = "Oxford library of the physical sciences",
    year          = "1968",
    url           = "http://cds.cern.ch/record/104381"
}
@book{gradstejn_table_2009,
    address = {Amsterdam},
    edition = {7. ed., [3.~Nachdr.]},
    title = {Table of integrals, series and products},
    isbn = {978-0-12-373637-6},
    publisher = {Elsevier Acad. Press},
    author = {Grad\v{s}tejn, Izrail S. and Ry\v{z}ik, Josif M. and Jeffrey, Alan and Zwillinger, Daniel},
    year = {2009},
    note = {OCLC: 846182468},
    annote = {Translated from the Russian Includes bibliographical references and index Previous ed.: 2000}
}
@book{flugge_practical_1971,
    address = {Berlin, Heidelberg},
    title = {Practical {Quantum} {Mechanics}},
    isbn = {978-3-540-65035-5 978-3-642-61995-3},
    url = {http://link.springer.com/10.1007/978-3-642-61995-3},
    urldate = {2019-07-21},
    publisher = {Springer Berlin Heidelberg},
    author = {Fl\"ugge, Siegfried},
    year = {1971},
    doi = {10.1007/978-3-642-61995-3}
}
@article{TARBUTTON19681,
title = {Further studies of the Hartree-Fock approximation in finite nuclei},
journal = {Nuclear Physics A},
volume = {120},
number = {1},
pages = {1-24},
year = {1968},
issn = {0375-9474},
doi = {https://doi.org/10.1016/0375-9474(68)90057-2},
url = {https://www.sciencedirect.com/science/article/pii/0375947468900572},
author = {R.M. Tarbutton and K.T.R. Davies}
}
@article{PhysRevA36467,
  title = {Analytical Dirac-Hartree-Fock-Slater screening function for atoms (Z=1--92)},
  author = {Salvat, F. and Mart\ifmmode \breve{}\else \u{}\fi{}nez, J. D. and Mayol, R. and Parellada, J.},
  journal = {Phys. Rev. A},
  volume = {36},
  issue = {2},
  pages = {467--474},
  numpages = {0},
  year = {1987},
  month = {Jul},
  publisher = {American Physical Society},
  doi = {10.1103/PhysRevA.36.467},
  url = {https://link.aps.org/doi/10.1103/PhysRevA.36.467}
}
@Article{Koga1997,
author={Koga, Toshikatsu},
title={Analytical Hartree-Fock electron densities for atoms He through Lr},
journal={Theoretica Chimica Acta},
year={1997},
month={Mar},
day={01},
volume={95},
number={3},
pages={113-130},
issn={1432-2234},
doi={10.1007/BF02341696},
url={https://doi.org/10.1007/BF02341696}
}

@article{articleOleg,
author = {Skoromnik, Oleg and Feranchuk, Ilya},
year = {2017},
month = {08},
pages = {052102},
title = {Analytic approximation for eigenvalues of a class of $\mathcal{PT}$ symmetric Hamiltonians},
volume = {96},
journal = {Physical Review A},
doi = {10.1103/PhysRevA.96.052102}
}

@Article{Shafir2009,
author={Shafir, D.
and Mairesse, Y.
and Villeneuve, D. M.
and Corkum, P. B.
and Dudovich, N.},
title={Atomic wavefunctions probed through strong-field light--matter interaction},
journal={Nature Physics},
year={2009},
month={Jun},
day={01},
volume={5},
number={6},
pages={412-416},
issn={1745-2481},
doi={10.1038/nphys1251},
url={https://doi.org/10.1038/nphys1251}
}

@Inbook{Rafelski2017,
author="Rafelski, Johann
and Kirsch, Johannes
and M{\"u}ller, Berndt
and Reinhardt, Joachim
and Greiner, Walter",
editor="Schramm, Stefan
and Sch{\"a}fer, Mirko",
title="Probing QED Vacuum with Heavy Ions",
bookTitle="New Horizons in Fundamental Physics",
year="2017",
publisher="Springer International Publishing",
address="Cham",
pages="211--251",
isbn="978-3-319-44165-8"
}
@book{workman1998applied,
  title={Applied Spectroscopy: A Compact Reference for Practitioners},
  author={Workman, J. and Springsteen, A.},
  isbn={9780080527499},
  url={https://books.google.de/books?id=OzAnX25h4soC},
  year={1998},
  publisher={Elsevier Science}
}
@book{bjorken1964relativistic,
  title={Relativistic Quantum Mechanics},
  author={Bjorken, J.D. and Drell, S.D.},
  isbn={9780070054936},
  lccn={63021778},
  series={International series in pure and applied physics},
  url={https://books.google.de/books?id=pAdRAAAAMAAJ},
  year={1964},
  publisher={McGraw-Hill}
}
@book{cowan1981theory,
  title={The Theory of Atomic Structure and Spectra},
  author={Cowan, R.D. and University of California Press},
  isbn={9780520038219},
  lccn={81004578},
  series={Los Alamos Series in Basic and Applied Sciences},
  url={https://books.google.de/books?id=avgkDQAAQBAJ},
  year={1981},
  publisher={University of California Press}
}
@article{Swainson_1991,
	doi = {10.1088/0305-4470/24/1/020},
	url = {https://doi.org/10.1088/0305-4470/24/1/020},
	year = 1991,
	month = {jan},
	publisher = {{IOP} Publishing},
	volume = {24},
	number = {1},
	pages = {95--120},
	author = {R A Swainson and G W F Drake},
	title = {A unified treatment of the non-relativistic and relativistic hydrogen atom {II}: the Green functions},
	journal = {Journal of Physics A: Mathematical and General}
}
@article{refId0,
	author = {{Pain, Jean-Christophe}},
	title = {On the vacuum-polarization Uehling potential for a Fermi charge distribution},
	DOI= "10.1140/epjd/e2018-80457-8",
	url= "https://doi.org/10.1140/epjd/e2018-80457-8",
	journal = {Eur. Phys. J. D},
	year = 2018,
	volume = 72,
	number = 4,
	pages = "61",
}

@article{ANGELI201369,
title = {Table of experimental nuclear ground state charge radii: An update},
journal = {Atomic Data and Nuclear Data Tables},
volume = {99},
number = {1},
pages = {69-95},
year = {2013},
issn = {0092-640X},
doi = {https://doi.org/10.1016/j.adt.2011.12.006},
url = {https://www.sciencedirect.com/science/article/pii/S0092640X12000265},
author = {I. Angeli and K.P. Marinova},
keywords = {Nuclear charge radii, Radii changes, Optical isotope shifts,  X-ray isotope shifts, Electron scattering, Muonic atom spectra}
}
@article{Valuev_2020,
   title={Skyrme-type nuclear interaction as a tool for calculating the finite-nuclear-size correction to atomic energy levels and the bound-electron g-factor},
   volume={101},
   ISSN={2469-9934},
   url={http://dx.doi.org/10.1103/PhysRevA.101.062502},
   DOI={10.1103/physreva.101.062502},
   number={6},
   journal={Physical Review A},
   publisher={American Physical Society (APS)},
   author={Valuev, Igor A. and Harman, Zoltán and Keitel, Christoph H. and Oreshkina, Natalia S.},
   year={2020},
   month={Jun}
}
@book{sakurai2020modern,
  title={Modern Quantum Mechanics},
  author={Sakurai, J.J. and Napolitano, J.},
  isbn={9781108473224},
  url={https://books.google.de/books?id=GdX7DwAAQBAJ},
  year={2020},
  publisher={Cambridge University Press}
}
@article{PhysRev.154.17,
  title = {Relativistic Self-Consistent-Field Theory for Closed-Shell Atoms},
  author = {Kim, Yong-Ki},
  journal = {Phys. Rev.},
  volume = {154},
  issue = {1},
  pages = {17--39},
  numpages = {0},
  year = {1967},
  month = {Feb},
  publisher = {American Physical Society},
  doi = {10.1103/PhysRev.154.17},
  url = {https://link.aps.org/doi/10.1103/PhysRev.154.17}
}
@article{00018737000101191,
author = { I.P.   Grant },
title = {Relativistic calculation of atomic structures},
journal = {Advances in Physics},
volume = {19},
number = {82},
pages = {747-811},
year  = {1970},
publisher = {Taylor & Francis},
doi = {10.1080/00018737000101191}
}
@inproceedings{Si2019CriticalEO,
  title={Critical evaluation of Breit and QED effects on the 3 d 9 2 D 3 / 2 → 2 D 5 / 2 transition energy in Co-like ions},
  author={R. Si and X. L. Guo and T. Brage and C. Chen and R. Hutton and C. Fischer},
  year={2019}
}
@book{bethe2014quantum,
  title={Quantum Mechanics of One- and Two-Electron Atoms},
  author={Bethe, H.A. and Salpeter, E.E.},
  isbn={9783662128718},
  url={https://books.google.de/books?id=KCLToQEACAAJ},
  year={2014},
  publisher={Springer Berlin Heidelberg}
}
@article{9j,
  title = {Symmetry Properties of the Wigner $9j$ Symbol},
  author = {Jahn, H. A. and Hope, J.},
  journal = {Phys. Rev.},
  volume = {93},
  issue = {2},
  pages = {318--321},
  numpages = {0},
  year = {1954},
  month = {Jan},
  publisher = {American Physical Society},
  doi = {10.1103/PhysRev.93.318},
  url = {https://link.aps.org/doi/10.1103/PhysRev.93.318}
}
@article{Sturhahn2000,
    author = "Sturhahn, W.",
    title = "CONUSS and PHOENIX: Evaluation of nuclear resonant scattering data",
    journal = "Hyperfine Interact.",
    year = "2000",
    month = "Mar",
    day = "01",
    volume = "125",
    number = "1",
    pages = "149--172",
    issn = "1572-9540",
    doi = "10.1023/A:1012681503686",
    url = "https://doi.org/10.1023/A:1012681503686"
}

@article{Arber_2015,
	doi = {10.1088/0741-3335/57/11/113001},
	url = {https://doi.org/10.1088/0741-3335/57/11/113001},
	year = 2015,
	month = {sep},
	publisher = {{IOP} Publishing},
	volume = {57},
	number = {11},
	pages = {113001},
	author = {T D Arber and K Bennett and C S Brady and A Lawrence-Douglas and M G Ramsay and N J Sircombe and P Gillies and R G Evans and H Schmitz and A R Bell and C P Ridgers},
	title = {Contemporary particle-in-cell approach to laser-plasma modelling},
	journal = {Plasma Physics and Controlled Fusion}
}

@Misc{NIST,
author = {A.~Kramida and {Yu.~Ralchenko} and
J.~Reader and {and NIST ASD Team}},
HOWPUBLISHED = {{NIST Atomic Spectra Database
(ver. 5.8), [Online]. Available:
{\tt{https://physics.nist.gov/asd}} [2021, February 20].
National Institute of Standards and Technology,
Gaithersburg, MD.}},
year = {2020},
}

@misc{Mathematica,
  author = {Wolfram Research{,} Inc.},
  title = {Mathematica, {V}ersion 12.3.1},
  url = {https://www.wolfram.com/mathematica},
  note = {Champaign, IL, 2021}
}

@book{friedman1990principles,
  title={Principles and Techniques of Applied Mathematics},
  author={Friedman, B.},
  isbn={9780486664446},
  lccn={90043685},
  series={Dover Books on Mathematics},
  url={https://books.google.de/books?id=YpmRDQAAQBAJ},
  year={1990},
  publisher={Dover Publications}
}

@book{AS,
  title={Handbook of Mathematical Functions with Formulas, Graphs, and Mathematical Tables},
  author={Abramowitz, M. and Stegun, I.A.},
  series={Applied mathematics series},
  url={https://books.google.de/books?id=Ye44y-izjq4C},
  year={1964},
  publisher={U.S. Government Printing Office}
}

@article{JandH,
author = {Johnson,Bruce R.  and Hirschfelder,Joseph O. },
title = {The radial reduced Coulomb Green’s function},
journal = {Journal of Mathematical Physics},
volume = {20},
number = {12},
pages = {2484-2501},
year = {1979},
doi = {10.1063/1.524039},
}

@book{demtroder2002laser,
  title={Laser Spectroscopy: Basic Concepts and Instrumentation},
  author={Demtr{\"o}der, W.},
  isbn={9783540652250},
  lccn={2002029191},
  series={Advanced Texts in Physics},
  url={https://books.google.de/books?id=dNx1OLgn1xcC},
  year={2002},
  publisher={Springer Berlin Heidelberg}
}
@article{HENS2008391,
title = {Can the oscillator strength of the quantum dot bandgap transition exceed unity?},
journal = {Chemical Physics Letters},
volume = {463},
number = {4},
pages = {391-395},
year = {2008},
issn = {0009-2614},
doi = {https://doi.org/10.1016/j.cplett.2008.08.089},
url = {https://www.sciencedirect.com/science/article/pii/S0009261408011962},
author = {Z. Hens},
}
@article{EinsteinCoeff,
author = {Hilborn,Robert C. },
title = {Einstein coefficients, cross sections, f values, dipole moments, and all that},
journal = {American Journal of Physics},
volume = {50},
number = {11},
pages = {982-986},
year = {1982},
doi = {10.1119/1.12937},
}
@article{OscillatorsDefinition,
author = {Schulman, Stephen G.},
title = {Atomic Spectroscopy. By James W. Robinson. Marcel Dekker: New York. 1990. vi + 299 pp. × 16 cm. ISBN 0-8247-8311-5. \$99.75},
journal = {Journal of Pharmaceutical Sciences},
volume = {80},
number = {11},
pages = {1102-1102},
doi = {https://doi.org/10.1002/jps.2600801123},
url = {https://onlinelibrary.wiley.com/doi/abs/10.1002/jps.2600801123},
eprint = {https://onlinelibrary.wiley.com/doi/pdf/10.1002/jps.2600801123},
year = {1991}
}
@book{lifshitz1974relativistic,
  title={Relativistic quantum theory},
  author={Lifshitz, E.M. and Pitaevskij, L.P.},
  number={t. 2},
  series={Landau, Lev D.: Course of theoretical physics},
  url={https://books.google.de/books?id=BX8MvwEACAAJ},
  year={1974},
  publisher={Pergamon}
}
@article{mikhailov1969relativistic,
  title={Relativistic Atomic Photoeffect from the K-shell Near Threshold},
  author={Mikhailov, AI},
  journal={J. Exp. Theor. Phys.},
  volume={28},
  number={2},
  pages={326},
  year={1969}
}

@article{PhysRev.134.A898,
  title = {$K$-Shell Photoelectric Cross Sections from 200 keV to 2 MeV},
  author = {Pratt, R. H. and Levee, Richard D. and Pexton, Robert L. and Aron, Walter},
  journal = {Phys. Rev.},
  volume = {134},
  issue = {4A},
  pages = {A898--A915},
  numpages = {0},
  year = {1964},
  month = {May},
  publisher = {American Physical Society},
  doi = {10.1103/PhysRev.134.A898},
  url = {https://link.aps.org/doi/10.1103/PhysRev.134.A898}
}
@article{L_rch_1999,
	doi = {10.1088/0953-4075/32/9/312},
	url = {https://doi.org/10.1088%2F0953-4075%2F32%2F9%2F312},
	year = 1999,
	month = {jan},
	publisher = {{IOP} Publishing},
	volume = {32},
	number = {9},
	pages = {2215--2226},
	author = {H L\"orch and J M Bizau and N Scherer and S Diehl and D Cubaynes and O Zerouni and F J Wuilleumier and V Schmidt and W R Johnson},
	title = {Complete description of 3p photoionization in calcium},
	journal = {Journal of Physics B: Atomic, Molecular and Optical Physics},
}
@article{MARR1976497,
title = "Absolute photoionization cross-section tables for helium, neon, argon, and krypton in the VUV spectral regions",
journal = "Atomic Data and Nuclear Data Tables",
volume = "18",
number = "5",
pages = "497 - 508",
year = "1976",
issn = "0092-640X",
doi = "https://doi.org/10.1016/0092-640X(76)90015-2",
url = "http://www.sciencedirect.com/science/article/pii/0092640X76900152",
author = "G.V. Marr and J.B. West",
}
@article{YEH19851,
title = "Atomic subshell photoionization cross sections and asymmetry parameters: 1 ⩽ Z ⩽ 103",
journal = "At. Data Nucl. Data Tables",
volume = "32",
number = "1",
pages = "1 - 155",
year = "1985",
issn = "0092-640X",
doi = "https://doi.org/10.1016/0092-640X(85)90016-6",
url = "http://www.sciencedirect.com/science/article/pii/0092640X85900166",
author = "J.J. Yeh and I. Lindau",
}

@article{IonsExperiment,
	doi = {10.1088/0953-4075/34/19/201},
	url = {https://doi.org/10.1088/0953-4075/34/19/201},
	year = 2001,
	month = {sep},
	publisher = {{IOP} Publishing},
	volume = {34},
	number = {19},
	pages = {R93--R130},
	author = {J D Gillaspy},
	title = {Highly charged ions},
	journal = {Journal of Physics B: Atomic, Molecular and Optical Physics},
}
@article{IonsClocks,
  title = {Highly charged ions: Optical clocks and applications in fundamental physics},
  author = {Kozlov, M. G. and Safronova, M. S. and Crespo L\'opez-Urrutia, J. R. and Schmidt, P. O.},
  journal = {Rev. Mod. Phys.},
  volume = {90},
  issue = {4},
  pages = {045005},
  numpages = {49},
  year = {2018},
  month = {Dec},
  publisher = {American Physical Society},
  doi = {10.1103/RevModPhys.90.045005},
  url = {https://link.aps.org/doi/10.1103/RevModPhys.90.045005}
}
@article{IonsFundamental,
	doi = {10.1088/2058-9565/abbc75},
	url = {https://doi.org/10.1088/2058-9565/abbc75},
	year = 2020,
	month = {nov},
	publisher = {{IOP} Publishing},
	volume = {6},
	number = {1},
	pages = {014002},
	author = {K Blaum and S Eliseev and S Sturm},
	title = {Perspectives on testing fundamental physics with highly charged ions in Penning traps},
	journal = {Quantum Science and Technology},
}
@article{IonsInterest,
	doi = {10.1088/1742-6596/58/1/104},
	url = {https://doi.org/10.1088/1742-6596/58/1/104},
	year = 2007,
	month = {mar},
	publisher = {{IOP} Publishing},
	volume = {58},
	pages = {451--456},
	author = {J D Gillaspy and J M Pomeroy and A C Perrella and H Grube},
	title = {The potential of highly charged ions: possible future applications},
	journal = {Journal of Physics: Conference Series},
}
@book{IonsTheory,
  title={Physics of Highly Charged Ions},
  author={Janev, R.K. and Presnyakov, L.P. and Shevelko, V.P.},
  isbn={9783642691959},
  series={Springer Series in Electronics and Photonics},
  url={https://books.google.de/books?id=jobuCAAAQBAJ},
  year={2012},
  publisher={Springer Berlin Heidelberg}
}

@article{ahmadi_feranchuk_2013,
title={Parametric $\gamma$-radiation from electrons in M\"ossbauer crystal},
volume={62},
DOI={10.1051/epjap/2013120167},
number={1},
journal={The European Physical Journal Applied Physics},
publisher={EDP Sciences},
author={Ahmadi, Abbas and Feranchuk, Ilya Davydivich},
year={2013},
pages={10702}
}

@article{DHFscatter,
author = "Waasmaier, D. and Kirfel, A.",
title = "{New analytical scattering-factor functions for free atoms and ions}",
journal = "Acta Crystallographica Section A",
year = "1995",
volume = "51",
number = "3",
pages = "416--431",
month = "May",
doi = {10.1107/S0108767394013292},
url = {https://doi.org/10.1107/S0108767394013292},
}

@article{DESCLAUX1973311,
title = {Relativistic Dirac-Fock expectation values for atoms with Z = 1 to Z = 120},
journal = {Atomic Data and Nuclear Data Tables},
volume = {12},
number = {4},
pages = {311-406},
year = {1973},
issn = {0092-640X},
doi = {https://doi.org/10.1016/0092-640X(73)90020-X},
url = {https://www.sciencedirect.com/science/article/pii/0092640X7390020X},
author = {J.P. Desclaux},
}

@article{DFTaffinities,
author = {Anderson, Lindsey N. and Oviedo, M. Bel\'en and Wong, Bryan M.},
title = {Accurate Electron Affinities and Orbital Energies of Anions from a Nonempirically Tuned Range-Separated Density Functional Theory Approach},
journal = {Journal of Chemical Theory and Computation},
volume = {13},
number = {4},
pages = {1656-1666},
year = {2017},
doi = {10.1021/acs.jctc.6b01249},
    note ={PMID: 28339200},
}

}@article{qua.560200311,
author = {Marini, U. and Marconi, Bettolo and March, N. H.},
title = {Relativistic theory of binding energies of heavy positive ions},
journal = {International Journal of Quantum Chemistry},
volume = {20},
number = {3},
pages = {693-704},
doi = {https://doi.org/10.1002/qua.560200311},
year = {1981}
}
@article{pseudopotentials,
author = {Dolg, Michael and Cao, Xiaoyan},
title = {Relativistic Pseudopotentials: Their Development and Scope of Applications},
journal = {Chemical Reviews},
volume = {112},
number = {1},
pages = {403-480},
year = {2012},
doi = {10.1021/cr2001383},note ={PMID: 21913696},
}

}@book{LandauQM,
	Author = {Landau, L.D. and Lifshitz, E.M.},
	Isbn = {9780750635394},
	Publisher = {Butterworth-Heinemann},
	Series = {Butterworth Heinemann},
	Title = {Quantum Mechanics: Non-relativistic Theory},
	Url = {https://books.google.de/books?id=J9ui6KwC4mMC},
	Year = {1977}
}
@article{Saito2009836,
	title = "Hartree–Fock–Roothaan energies and expectation values for the neutral atoms He to Uuo: The B-spline expansion method ",
	journal = "Atomic Data and Nuclear Data Tables ",
	volume = "95",
	number = "6",
	pages = "836 - 870",
	year = "2009",
	note = "",
	issn = "0092-640X",
	doi = "10.1016/j.adt.2009.06.001",
	url = "http://www.sciencedirect.com/science/article/pii/S0092640X09000412",
	author = "Shiro L. Saito",
}
@article{doi:10.1021/ed056p714,
	author = {Wong, D. Pan},
	title = {Theoretical justification of Madelung's rule},
	journal = {Journal of Chemical Education},
	volume = {56},
	number = {11},
	pages = {714},
	year = {1979},
	doi = {10.1021/ed056p714},
	URL = {http://dx.doi.org/10.1021/ed056p714}
}
@article{KlechkovskiiA1962justification,
	Author = {Klechkovskii, V. M.},
	Url = {http://www.jetp.ac.ru/cgi-bin/e/index/e/14/2/p334?a=list},
	Journal = {Soviet Physics JETP},
	Pages = {334--335},
	Title = {Justification Of The Rule For Successive Filling Of (n + l) Groups},
	Volume = {14},
	Issue = {2},
	Year = {1950}
}
@book{Madelung1936,
	doi = {10.1007/978-3-662-02177-4},
	url = {http://dx.doi.org/10.1007/978-3-662-02177-4},
	year  = {1936},
	publisher = {Springer Nature},
	author = {Erwin Madelung},
	editor = {Karl Boehle and Siegfried Fl\"{u}gge},
	title = {Die Mathematischen Hilfsmittel des Physikers}
}
@book{feynman1972statistical,
  title={Statistical Mechanics: A Set Of Lectures},
  author={Feynman, R.P. and Kikuchi, R. and Shaham, J. and Feiveson, H.A. and Shaham, M.},
  isbn={9780805325096},
  lccn={lc72001769},
  series={A lecture note and reprint series},
  url={https://books.google.de/books?id=5HG5AAAAIAAJ},
  year={1972},
  publisher={Basic Books}
}

@article{19263840404,
author = {Schr\"odinger, E.},
title = {Quantisierung als Eigenwertproblem},
journal = {Annalen der Physik},
volume = {384},
number = {4},
pages = {361-376},
doi = {https://doi.org/10.1002/andp.19263840404},
url = {https://onlinelibrary.wiley.com/doi/abs/10.1002/andp.19263840404},
eprint = {https://onlinelibrary.wiley.com/doi/pdf/10.1002/andp.19263840404},
year = {1926}
}

@article{FROESEFISCHER20111315,
title = {A B-spline Hartree–Fock program},
journal = {Computer Physics Communications},
volume = {182},
number = {6},
pages = {1315-1326},
year = {2011},
issn = {0010-4655},
doi = {https://doi.org/10.1016/j.cpc.2011.01.012},
url = {https://www.sciencedirect.com/science/article/pii/S0010465511000324},
author = {Charlotte {Froese Fischer}},
}

@book{epstein2012variation,
  title={The variation method in quantum chemistry},
  author={Epstein, S.},
  isbn={9780323157476},
  series={Physical Chemistry, a Series of Monographs},
  url={https://books.google.de/books?id=pRxe\_ffHO0UC},
  year={2012},
  publisher={Elsevier Science}
}

@book{davis1962introduction,
  title={Introduction to Nonlinear Differential and Integral Equations},
  author={Davis, H.T. and Commission, U.S.A.E.},
  isbn={9780486609713},
  series={Dover books on advanced mathematics},
  url={https://books.google.de/books?id=RgbWowrjKd4C},
  year={1962},
  publisher={Dover Publications}
}

@article{DiracStory,
author = {Mawhin, Jean and Ronveaux, Andr\'e},
year = {2010},
month = {07},
pages = {429-460},
title = {Schr\"odinger and Dirac equations for the hydrogen atom, and Laguerre polynomials},
volume = {64},
journal = {Archive for History of Exact Sciences},
doi = {10.1007/s00407-010-0060-3}
}

@article{bams,
author = {E. T. Whittaker},
title = {{An expression of certain known functions as generalized hypergeometric functions}},
volume = {10},
journal = {Bulletin of the American Mathematical Society},
number = {3},
publisher = {American Mathematical Society},
pages = {125 -- 134},
year = {1903},
doi = {bams/1183417759},
URL = {https://doi.org/}}

@article{560430312,
author = {Strich, A.},
title = {Quantum chemistry, 4th ed. By Ira N. Levine, Prentice-Hall, Englewood Cliffs, NJ, 1991, X + 629 pp. Elementary quantum chemistry, 2nd ed. By Frank L. Pilar, McGraw-Hill International Editions, New York, 1990, XVI + 599 pp.},
journal = {International Journal of Quantum Chemistry},
volume = {43},
number = {3},
pages = {439-441},
doi = {https://doi.org/10.1002/qua.560430312},
url = {https://onlinelibrary.wiley.com/doi/abs/10.1002/qua.560430312},
eprint = {https://onlinelibrary.wiley.com/doi/pdf/10.1002/qua.560430312},
year = {1992}}

@article{SimpleHey,
title = {On forms of the Coulomb approximation as a useful source of atomic data for the spectroscopy of astrophysical and fusion plasmas},
journal = {Journal of Physics B, Atomic, Molecular and Optical Physics},
volume = {50},
year = {2017},
issn = {0953-4075},
doi = {DOI:101088/1361-6455/aa5474},
url = {http://inis.iaea.org/search/search.aspx?orig_q=RN:51027159},
author = {Hey, J D}
}

@article{TATEWAKI201849,
title = {Relativistic and nonrelativistic effective nuclear charges for atoms from 1H to 103Lr},
journal = {Computational and Theoretical Chemistry},
volume = {1125},
pages = {49-53},
year = {2018},
issn = {2210-271X},
doi = {https://doi.org/10.1016/j.comptc.2018.01.001},
url = {https://www.sciencedirect.com/science/article/pii/S2210271X1830001X},
author = {Hiroshi Tatewaki and Shigeyoshi Yamamoto and Yasuyo Hatano}
}

@article{gomez_simple_2019,
    title = {A simple model to calculate total and ionization energies of any atom},
    volume = {40},
    issn = {0143-0807, 1361-6404},
    url = {http://stacks.iop.org/0143-0807/40/i=1/a=015403?key=crossref.54c9deefd4fd326bc236d567d25edef4},
    doi = {10.1088/1361-6404/aaea81},
    number = {1},
    urldate = {2019-07-22},
    journal = {Eur. J. Phys.},
    author = {Gomez, Raul W},
    month = jan,
    year = {2019},
    pages = {015403}
}

@article{LIU2015251,
title = {Laguerre pseudospectral approximation to the Thomas–Fermi equation},
journal = {Journal of Computational and Applied Mathematics},
volume = {282},
pages = {251-261},
year = {2015},
issn = {0377-0427},
doi = {https://doi.org/10.1016/j.cam.2015.01.004},
url = {https://www.sciencedirect.com/science/article/pii/S0377042715000138},
author = {Chunxiao Liu and Shengfeng Zhu}
}

@article{PARAND2017624,
title = {Accurate solution of the Thomas–Fermi equation using the fractional order of rational Chebyshev functions},
journal = {Journal of Computational and Applied Mathematics},
volume = {317},
pages = {624-642},
year = {2017},
issn = {0377-0427},
doi = {https://doi.org/10.1016/j.cam.2016.11.035},
url = {https://www.sciencedirect.com/science/article/pii/S0377042716305775},
author = {Kourosh Parand and Mehdi Delkhosh}
}

@article{pub1041457795,
 author = {Akg\"ul, A. and Hashemi, M. S. and Inc, M. and Raheem, S. A.},
 doi = {10.1007/s11071-016-3125-2},
 journal = {Nonlinear Dynamics},
 keywords = {},
 number = {2},
 pages = {1435-1444},
 title = {Constructing two powerful methods to solve the Thomas–Fermi equation},
 url = {https://app.dimensions.ai/details/publication/pub.1041457795},
 volume = {87},
 year = {2017}
}

@article{1.1484144,
author = {Esposito,Salvatore },
title = {Majorana solution of the Thomas–Fermi equation},
journal = {American Journal of Physics},
volume = {70},
number = {8},
pages = {852-856},
year = {2002},
doi = {10.1119/1.1484144}
}

@book{lundqvist2013theory,
  title={Theory of the Inhomogeneous Electron Gas},
  author={Lundqvist, S. and March, N.H.},
  isbn={9781489904157},
  series={Physics of Solids and Liquids},
  url={https://books.google.de/books?id=0gXyBwAAQBAJ},
  year={2013},
  publisher={Springer US}
}

@article{FAC,
author = {Gu, M F},
title = {The flexible atomic code},
journal = {Canadian Journal of Physics},
volume = {86},
number = {5},
pages = {675-689},
year = {2008},
doi = {10.1139/p07-197},
URL = {https://doi.org/10.1139/p07-197},
}

@article{1930ZPhy6209H,
       author = {{Hylleraas}, Egil A.},
        title = "{{\"U}ber den Grundterm der Zweielektronenprobleme von H$^{-}$, He, Li$^{+}$, Be$^{++}$ usw.}",
      journal = {Zeitschrift fur Physik},
         year = 1930,
        month = mar,
       volume = {65},
       number = {3-4},
        pages = {209-225},
          doi = {10.1007/BF01397032},
       adsurl = {https://ui.adsabs.harvard.edu/abs/1930ZPhy...65..209H},
      adsnote = {Provided by the SAO/NASA Astrophysics Data System}
}
@article{1959Natur1841559S,
       author = {{Shull}, H.},
        title = "{Atomic Units}",
      journal = {nat},
         year = 1959,
        month = nov,
       volume = {184},
       number = {4698},
        pages = {1559-1560},
          doi = {10.1038/1841559a0},
       adsurl = {https://ui.adsabs.harvard.edu/abs/1959Natur.184.1559S},
      adsnote = {Provided by the SAO/NASA Astrophysics Data System}
}
@article{sturmian,
author = {Shull,Harrison },
title = {Natural Spin Orbital Analysis of Hydrogen Molecule Wave Functions},
journal = {The Journal of Chemical Physics},
volume = {30},
number = {6},
pages = {1405-1413},
year = {1959},
doi = {10.1063/1.1730212},
URL = {https://doi.org/10.1063/1.1730212},
eprint = {https://doi.org/10.1063/1.1730212}
}



@article{PhysRevA.41.1247,
  title = {Radius of convergence and analytic behavior of the $\frac{1}{Z}$ expansion},
  author = {Baker, Jonathan D. and Freund, David E. and Hill, Robert Nyden and Morgan, John D.},
  journal = {Phys. Rev. A},
  volume = {41},
  issue = {3},
  pages = {1247--1273},
  numpages = {0},
  year = {1990},
  month = {Feb},
  publisher = {American Physical Society},
  doi = {10.1103/PhysRevA.41.1247},
  url = {https://link.aps.org/doi/10.1103/PhysRevA.41.1247}
}

@article{genoni_can_2017,
author = "Genoni, Alessandro and Dos Santos, Leonardo H. R. and Meyer, Benjamin and Macchi, Piero",
title = "{Can X-ray constrained Hartree{--}Fock wavefunctions retrieve electron correlation?}",
journal = "IUCrJ",
year = "2017",
volume = "4",
number = "2",
pages = "136--146",
month = "Mar",
doi = {10.1107/S2052252516019217},
url = {https://doi.org/10.1107/S2052252516019217},
}

@article{toraya_new_2016,
author = "Toraya, Hideo",
title = "{A new method for quantitative phase analysis using X-ray powder diffraction: direct derivation of weight fractions from observed integrated intensities and chemical compositions of individual phases}",
journal = "Journal of Applied Crystallography",
year = "2016",
volume = "49",
number = "5",
pages = "1508--1516",
month = "Oct",
doi = {10.1107/S1600576716010451},
url = {https://doi.org/10.1107/S1600576716010451},
}

@article{feranchuk_new_2002,
    title = {A new method for calculation of crystal susceptibilities for {X}-ray diffraction at arbitrary wavelength},
    volume = {58},
    issn = {0108-7673},
    url = {http://scripts.iucr.org/cgi-bin/paper?S0108767302007997},
    doi = {10.1107/S0108767302007997},
    number = {4},
    urldate = {2019-07-24},
    journal = {Acta Crystallogr. A},
    author = {Feranchuk, I. D. and Gurskii, L. I. and Komarov, L. I. and Lugovskaya, O. M. and Burg\"azy, F. and Ulyanenkov, A.},
    month = jul,
    year = {2002},
    pages = {370--384}
}

@article{chung_flychk:_2005,
    title = {{FLYCHK}: {Generalized} population kinetics and spectral model for rapid spectroscopic analysis for all elements},
    volume = {1},
    issn = {15741818},
    shorttitle = {{FLYCHK}},
    url = {https://linkinghub.elsevier.com/retrieve/pii/S1574181805000029},
    doi = {10.1016/j.hedp.2005.07.001},
    number = {1},
    urldate = {2019-07-24},
    journal = {High Energy Dens. Phys.},
    author = {Chung, H.-K. and Chen, M.H. and Morgan, W.L. and Ralchenko, Y. and Lee, R.W.},
    month = dec,
    year = {2005},
    pages = {3--12},
    file = {Submitted Version:C\:\\Users\\ods\\Zotero\\storage\\IKGXVAXZ\\Chung et al. - 2005 - FLYCHK Generalized population kinetics and spectr.pdf:application/pdf}
}

@article{lee_model_1987,
    title = {A model for ionization balance and {L}-shell spectroscopy of non-{LTE} plasmas},
    volume = {38},
    issn = {00224073},
    url = {https://linkinghub.elsevier.com/retrieve/pii/0022407387900392},
    doi = {10.1016/0022-4073(87)90039-2},
    number = {2},
    urldate = {2019-07-24},
    journal = {J Quant. Spectrosc. Radiat. Transf.},
    author = {Lee, Y.T.},
    month = aug,
    year = {1987},
    pages = {131--145}
}
@article{Seaton_1983,
	doi = {10.1088/0034-4885/46/2/002},
	url = {https://doi.org/10.1088/0034-4885/46/2/002},
	year = 1983,
	month = {feb},
	publisher = {{IOP} Publishing},
	volume = {46},
	number = {2},
	pages = {167--257},
	author = {M J Seaton},
	title = {Quantum defect theory},
	journal = {Reports on Progress in Physics},
}
@book{hau2012high,
  title={High-Intensity X-rays - Interaction with Matter: Processes in Plasmas, Clusters, Molecules and Solids},
  author={Hau-Riege, S.P.},
  isbn={9783527636372},
  lccn={2012360994},
  url={https://books.google.de/books?id=Qhz3etNLeocC},
  year={2012},
  publisher={Wiley}
}
@book{jensen2007introduction,
    title={Introduction to Computational Chemistry},
    author={Jensen, F.},
    isbn={9780470058046},
    url={https://books.google.de/books?id=RDIG48UcZfYC},
    year={2007},
    publisher={Wiley}
}
@article{puchalski_relativistic_2017,
    title = {Relativistic corrections for the ground electronic state of molecular hydrogen},
    volume = {95},
    issn = {2469-9926, 2469-9934},
    url = {http://link.aps.org/doi/10.1103/PhysRevA.95.052506},
    doi = {10.1103/PhysRevA.95.052506},
    number = {5},
    urldate = {2019-07-21},
    journal = {Phys. Rev. A},
    author = {Puchalski, Mariusz and Komasa, Jacek and Pachucki, Krzysztof},
    month = may,
    year = {2017},
    pages = {052506}
}
@book{fischer1977hartree,
  title={The Hartree-Fock Method for Atoms: A Numerical Approach},
  author={Fischer, C.F. and Hartree, D.R.},
  isbn={9780471259909},
  lccn={76050115},
  series={A Wiley-Interscience publication},
  url={https://books.google.de/books?id=v-M6go88gGsC},
  year={1977},
  publisher={Wiley}
}
@article{jonsson_new_2013,
title = {New version: Grasp2K relativistic atomic structure package},
journal = {Computer Physics Communications},
volume = {184},
number = {9},
pages = {2197-2203},
year = {2013},
issn = {0010-4655},
doi = {https://doi.org/10.1016/j.cpc.2013.02.016},
url = {https://www.sciencedirect.com/science/article/pii/S0010465513000738},
author = {P. J\"onsson and G. Gaigalas and J. Biero\'n and C. Froese Fischer and I.P. Grant},
}

@article{DYALL1989425,
title = {GRASP: A general-purpose relativistic atomic structure program},
journal = {Computer Physics Communications},
volume = {55},
number = {3},
pages = {425-456},
year = {1989},
issn = {0010-4655},
doi = {https://doi.org/10.1016/0010-4655(89)90136-7},
url = {https://www.sciencedirect.com/science/article/pii/0010465589901367},
author = {K.G. Dyall and I.P. Grant and C.T. Johnson and F.A. Parpia and E.P. Plummer},
}

@article{bostock_fully_2011,
    title = {The fully relativistic implementation of the convergent close-coupling method},
    volume = {44},
    issn = {0953-4075, 1361-6455},
    url = {http://stacks.iop.org/0953-4075/44/i=8/a=083001?key=crossref.1cbad24c30913709ee207696c0f8273d},
    doi = {10.1088/0953-4075/44/8/083001},
    number = {8},
    urldate = {2019-07-24},
    journal = {Journal of Physics B: Atomic, Molecular and Optical Physics},
    author = {Bostock, Christopher James},
    month = apr,
    year = {2011},
    pages = {083001}
}

@ARTICLE{Tup2003OS,
author="Tupitsyn, I. I. and Loginov, A. V.",
title="Use of Sturmian expansions in calculations of the hyperfine structure of atomic spectra",
journal="Opt.~Spectrosc.",
year="2003",
month="Mar",
day="01",
volume="94",
number="3",
pages="319--326",
issn="1562-6911"
}

@article{starrett_thomas-fermi_2017,
  title = {Thomas-Fermi simulations of dense plasmas without pseudopotentials},
  author = {Starrett, C. E.},
  journal = {Phys. Rev. E},
  volume = {96},
  issue = {1},
  pages = {013206},
  numpages = {8},
  year = {2017},
  month = {Jul},
  publisher = {American Physical Society},
  doi = {10.1103/PhysRevE.96.013206},
  url = {https://link.aps.org/doi/10.1103/PhysRevE.96.013206}
}

@article{dyachkov_region_2016,
author = {Dyachkov,Sergey  and Levashov,Pavel  and Minakov,Dmitry },
title = {Region of validity of the Thomas–Fermi model with corrections},
journal = {Physics of Plasmas},
volume = {23},
number = {11},
pages = {112705},
year = {2016},
doi = {10.1063/1.4967764},
}

@article{ciricosta_direct_2012,
  title = {Direct Measurements of the Ionization Potential Depression in a Dense Plasma},
  author = {Ciricosta, O. and Vinko, S. M. and Chung, H.-K. and Cho, B.-I. and Brown, C. R. D. and Burian, T. and Chalupsk\'y, J. and Engelhorn, K. and Falcone, R. W. and Graves, C. and H\'ajkov\'a, V. and Higginbotham, A. and Juha, L. and Krzywinski, J. and Lee, H. J. and Messerschmidt, M. and Murphy, C. D. and Ping, Y. and Rackstraw, D. S. and Scherz, A. and Schlotter, W. and Toleikis, S. and Turner, J. J. and Vysin, L. and Wang, T. and Wu, B. and Zastrau, U. and Zhu, D. and Lee, R. W. and Heimann, P. and Nagler, B. and Wark, J. S.},
  journal = {Phys. Rev. Lett.},
  volume = {109},
  issue = {6},
  pages = {065002},
  numpages = {4},
  year = {2012},
  month = {Aug},
  publisher = {American Physical Society},
  doi = {10.1103/PhysRevLett.109.065002},
  url = {https://link.aps.org/doi/10.1103/PhysRevLett.109.065002}
}
@article{slater_atomic_1930,
    title = {Atomic {Shielding} {Constants}},
    volume = {36},
    issn = {0031-899X},
    url = {https://link.aps.org/doi/10.1103/PhysRev.36.57},
    doi = {10.1103/PhysRev.36.57},
    number = {1},
    urldate = {2019-07-30},
    journal = {Physical Review},
    author = {Slater, J. C.},
    month = jul,
    year = {1930},
    pages = {57--64}
}
@book{foot2005atomic,
    title={Atomic physics},
    author={Foot, C.J.},
    isbn={9780198506966},
    lccn={05295406},
    series={Oxford master series in physics},
    url={https://books.google.de/books?id=kXYpAQAAMAAJ},
    year={2005},
    publisher={Oxford University Press}
}

@article{Skoromnik_2017,
   title={Analytic model of a multi-electron atom},
   volume={50},
   ISSN={1361-6455},
   url={http://dx.doi.org/10.1088/1361-6455/aa92e6},
   DOI={10.1088/1361-6455/aa92e6},
   number={24},
   journal={Journal of Physics B: Atomic, Molecular and Optical Physics},
   publisher={IOP Publishing},
   author={Skoromnik, O D and Feranchuk, I D and Leonau, A U and Keitel, C H},
   year={2017},
   month={Nov},
   pages={245007}
}

@article{rspa19350085,
author = {Hartree, Douglas Rayner  and Hartree, W. },
title = {Self-consistent field, with exchange, for beryllium},
journal = {Proceedings of the Royal Society of London. Series A - Mathematical and Physical Sciences},
volume = {150},
number = {869},
pages = {9-33},
year = {1935},
doi = {10.1098/rspa.1935.0085},
}

@article{hartree_1928,
title={The Wave Mechanics of an Atom with a Non-Coulomb Central Field. Part I. Theory and Methods}, volume={24},
DOI={10.1017/S0305004100011919},
number={1},
journal={Mathematical Proceedings of the Cambridge Philosophical Society}, publisher={Cambridge University Press},
author={Hartree, D. R.},
year={1928},
pages={89–110}
}

@article{PhysRev.136.B864,
  title = {Inhomogeneous Electron Gas},
  author = {Hohenberg, P. and Kohn, W.},
  journal = {Phys. Rev.},
  volume = {136},
  issue = {3B},
  pages = {B864--B871},
  numpages = {0},
  year = {1964},
  month = {Nov},
  publisher = {American Physical Society},
  doi = {10.1103/PhysRev.136.B864},
  url = {https://link.aps.org/doi/10.1103/PhysRev.136.B864}
}
@ARTICLE{1935ZPhy...96..431W,
       author = {{Weizs{\"a}cker}, C.~F.~V.},
        title = "{Zur Theorie der Kernmassen}",
      journal = {Zeitschrift fur Physik},
         year = 1935,
        month = jul,
       volume = {96},
       number = {7-8},
        pages = {431-458},
          doi = {10.1007/BF01337700},
       adsurl = {https://ui.adsabs.harvard.edu/abs/1935ZPhy...96..431W},
      adsnote = {Provided by the SAO/NASA Astrophysics Data System}
}

@ARTICLE{1927PCPS2542T,
        author = {{Thomas}, L.~H.},
        title = "{The calculation of atomic fields}",
      journal = {Proceedings of the Cambridge Philosophical Society},
         year = 1927,
        month = jan,
       volume = {23},
       number = {5},
        pages = {542},
          doi = {10.1017/S0305004100011683},
}

@article{calculatedgfactor,
author = {Aoyama, T and Hayakawa, M and Kinoshita, T and Nio, M},
year = {2007},
month = {10},
pages = {110406},
title = {Revised Value of the Eighth-Order Contribution to the Electron g − 2},
volume = {99},
journal = {Physical review letters},
doi = {10.1103/PHYSREVLETT.99.110406}
}
@article{PhysRevLett.97.030801,
  title = {New Measurement of the Electron Magnetic Moment Using a One-Electron Quantum Cyclotron},
  author = {Odom, B. and Hanneke, D. and D'Urso, B. and Gabrielse, G.},
  journal = {Phys. Rev. Lett.},
  volume = {97},
  issue = {3},
  pages = {030801},
  numpages = {4},
  year = {2006},
  month = {Jul},
  publisher = {American Physical Society},
  doi = {10.1103/PhysRevLett.97.030801},
  url = {https://link.aps.org/doi/10.1103/PhysRevLett.97.030801}
}
@article{14786441308635052,
author = { H.G.J.   Moseley   M.A. },
title = {XCIII. The high-frequency spectra of the elements},
journal = {The London, Edinburgh, and Dublin Philosophical Magazine and Journal of Science},
volume = {26},
number = {156},
pages = {1024-1034},
year  = {1913},
publisher = {Taylor & Francis},
doi = {10.1080/14786441308635052},
}

@article{rspa.1928.0023,
author = {Dirac, Paul Adrien Maurice  and Fowler, Ralph Howard },
title = {The quantum theory of the electron},
journal = {Proceedings of the Royal Society of London. Series A, Containing Papers of a Mathematical and Physical Character},
volume = {117},
number = {778},
pages = {610-624},
year = {1928},
doi = {10.1098/rspa.1928.0023},
}

@ARTICLE{1926PhRv28.1049S,
author = {{Schr{\"o}dinger}, E.},
title = "{An Undulatory Theory of the Mechanics of Atoms and Molecules}",
journal = {Physical Review},
year = 1926,
month = dec,
volume = {28},
number = {6},
pages = {1049-1070},
doi = {10.1103/PhysRev.28.1049},
}

@article{erratum,
author = {Gabrielse, G. and Hanneke, David and Kinoshita, T. and Nio, M. and Odom, B},
year = {2007},
month = {07},
pages = {},
title = {Erratum: New Determination of the Fine Structure Constant from the Electron g Value and QED [Phys. Rev. Lett. 97, 030802 (2006)]},
volume = {99},
journal = {Physical Review Letters},
doi = {10.1103/PHYSREVLETT.99.039902}
}
@article{PhysRevLett.97.030802,
  title = {New Determination of the Fine Structure Constant from the Electron $g$ Value and QED},
  author = {Gabrielse, G. and Hanneke, D. and Kinoshita, T. and Nio, M. and Odom, B.},
  journal = {Phys. Rev. Lett.},
  volume = {97},
  issue = {3},
  pages = {030802},
  numpages = {4},
  year = {2006},
  month = {Jul},
  publisher = {American Physical Society},
  doi = {10.1103/PhysRevLett.97.030802},
  url = {https://link.aps.org/doi/10.1103/PhysRevLett.97.030802}
}

@article{PhysRev.73.416,
  title = {On Quantum-Electrodynamics and the Magnetic Moment of the Electron},
  author = {Schwinger, Julian},
  journal = {Phys. Rev.},
  volume = {73},
  issue = {4},
  pages = {416--417},
  numpages = {0},
  year = {1948},
  month = {Feb},
  publisher = {American Physical Society},
  doi = {10.1103/PhysRev.73.416},
  url = {https://link.aps.org/doi/10.1103/PhysRev.73.416}
}

@article{PhysRev.72.241,
  title = {Fine Structure of the Hydrogen Atom by a Microwave Method},
  author = {Lamb, Willis E. and Retherford, Robert C.},
  journal = {Phys. Rev.},
  volume = {72},
  issue = {3},
  pages = {241--243},
  numpages = {0},
  year = {1947},
  month = {Aug},
  publisher = {American Physical Society},
  doi = {10.1103/PhysRev.72.241},
  url = {https://link.aps.org/doi/10.1103/PhysRev.72.241}
}

@article{zeeman1897xxxii,
  title={XXXII. On the influence of magnetism on the nature of the light emitted by a substance},
  author={Zeeman, Pieter},
  journal={The London, Edinburgh, and Dublin Philosophical Magazine and Journal of Science},
  volume={43},
  number={262},
  pages={226--239},
  year={1897},
  publisher={Taylor \& Francis}
}

@article{Uhlenbeck1925,
author = {{Uhlenbeck}, G.~E. and {Goudsmit}, S.},
title = "{Ersetzung der Hypothese vom unmechanischen Zwang durch eine Forderung bez{\"u}glich des inneren Verhaltens jedes einzelnen Elektrons}",
journal = {Naturwissenschaften},
year = 1925,
volume= {13},
number = {47},
pages = {953-954},
doi = {10.1007/BF01558878},
}

@article{Sommerfeld1916,
author = {Sommerfeld, A.},
title = {Zur Quantentheorie der Spektrallinien},
journal = {Annalen der Physik},
volume = {356},
number = {17},
pages = {1-94},
doi = {https://doi.org/10.1002/andp.19163561702},
url = {https://onlinelibrary.wiley.com/doi/abs/10.1002/andp.19163561702},
eprint = {https://onlinelibrary.wiley.com/doi/pdf/10.1002/andp.19163561702},
year = {1916}
}

@article{bohr1913constitution,
  title={I. On the constitution of atoms and molecules},
  author={Bohr, Niels},
  journal={The London, Edinburgh, and Dublin Philosophical Magazine and Journal of Science},
  volume={26},
  number={151},
  pages={1--25},
  year={1913},
  publisher={Taylor \& Francis}
}

@article{Rutherford1911,
author = { Professor   E.   Rutherford   F.R.S. },
title = {LXXIX. The scattering of alpha and beta particles by matter and the structure of the atom},
journal = {The London, Edinburgh, and Dublin Philosophical Magazine and Journal of Science},
volume = {21},
number = {125},
pages = {669-688},
year  = {1911},
publisher = {Taylor & Francis},
doi = {10.1080/14786440508637080},
}

@article{Balmer1885,
author = {Balmer, J. J.},
title = {Notiz \"uber die Spectrallinien des Wasserstoffs},
journal = {Annalen der Physik},
volume = {261},
number = {5},
pages = {80-87},
doi = {https://doi.org/10.1002/andp.18852610506},
url = {https://onlinelibrary.wiley.com/doi/abs/10.1002/andp.18852610506},
eprint = {https://onlinelibrary.wiley.com/doi/pdf/10.1002/andp.18852610506},
year = {1885}
}

@article{thomson1897xl,
  title={XL. Cathode rays},
  author={Thomson, Joseph John},
  journal={The London, Edinburgh, and Dublin Philosophical Magazine and Journal of Science},
  volume={44},
  number={269},
  pages={293--316},
  year={1897},
  publisher={Taylor \& Francis}
}

@book{pullman2001atom,
  title={The Atom in the History of Human Thought},
  author={Pullman, B. and Reisinger, A.R.},
  isbn={9780195150407},
  lccn={97036040},
  url={https://books.google.de/books?id=IQs5hur-BpgC},
  year={2001},
  publisher={Oxford University Press}
}

@article{KirchhoffBunsen2,
author = {Kirchhoff, G. and Bunsen, R.},
title = {Chemische Analyse durch Spectralbeobachtungen},
journal = {Annalen der Physik},
volume = {189},
number = {7},
pages = {337-381},
doi = {https://doi.org/10.1002/andp.18611890702},
url = {https://onlinelibrary.wiley.com/doi/abs/10.1002/andp.18611890702},
eprint = {https://onlinelibrary.wiley.com/doi/pdf/10.1002/andp.18611890702},
year = {1861}
}

@article{KirchhoffBunsen,
author = {Kirchhoff, G. and Bunsen, R.},
title = {Chemische Analyse durch Spectralbeobachtungen},
journal = {Annalen der Physik},
volume = {186},
number = {6},
pages = {161-189},
doi = {https://doi.org/10.1002/andp.18601860602},
url = {https://onlinelibrary.wiley.com/doi/abs/10.1002/andp.18601860602},
eprint = {https://onlinelibrary.wiley.com/doi/pdf/10.1002/andp.18601860602},
year = {1860}
}

@article{Angstrom1862,
author = {{\AA}ngstr\"om, A. J.},
title = {Ueber die Fraunhofer'schen Linien im Sonnenspectrum},
journal = {Annalen der Physik},
volume = {193},
number = {10},
pages = {290-302},
doi = {https://doi.org/10.1002/andp.18621931007},
url = {https://onlinelibrary.wiley.com/doi/abs/10.1002/andp.18621931007},
eprint = {https://onlinelibrary.wiley.com/doi/pdf/10.1002/andp.18621931007},
year = {1862}
}

@book{dalton2010new,
  title={A New System of Chemical Philosophy},
  author={Dalton, J.},
  isbn={9781108019675},
  series={A New System of Chemical Philosophy 2 Volume Set},
  url={https://books.google.de/books?id=Sky4bi8Cd2YC},
  year={2010},
  publisher={Cambridge University Press}
}

@book{von1817bestimmung,
  title={Bestimmung des Brechungs- und Farbenzerstreuungs-Verm{\"o}gens verschiedener Glasarten, in Bezug auf die Vervollkommnung achromatischer Fernr{\"o}hre},
  author={von Fraunhofer, J.},
  series={Denkschriften der k{\"o}nigl. bayerischen Akademie der Wissenschaften},
  url={https://books.google.de/books?id=gWNZ64zhzggC},
  year={1817},
  publisher={Franz}
}

@article{Wollaston1802,
author = {Wollaston, William Hyde },
title = {XII. A method of examining refractive and dispersive powers, by prismatic reflection},
journal = {Philosophical Transactions of the Royal Society of London},
volume = {92},
number = {},
pages = {365-380},
year = {1802},
doi = {10.1098/rstl.1802.0014},
}

@book{thomson1816annals,
  title={On the physical properties of gases},
  author={Herepath, J.},
  number={t. 8},
  url={https://books.google.de/books?id=dBkAAAAAMAAJ},
  year={1816},
  publisher={Robert Baldwin}
}

@article{Dzikowski_2021,
	doi = {10.1088/1361-6455/abdaca},
	url = {https://doi.org/10.1088/1361-6455/abdaca},
	year = 2021,
	month = {jun},
	publisher = {{IOP} Publishing},
	volume = {54},
	number = {11},
	pages = {115002},
	author = {K D Dzikowski and O D Skoromnik and I D Feranchuk and N S Oreshkina and C H Keitel},
	title = {Relativistic effective charge model of a multi-electron atom},
	journal = {Journal of Physics B: Atomic, Molecular and Optical Physics}
}
@article{Dzikowski_2020,
author = {Dzikowski,K.  and Skoromnik,O. D. },
title = {A generating integral for the matrix elements of the Coulomb Green’s function with the Coulomb wave functions},
journal = {Journal of Mathematical Physics},
volume = {61},
number = {3},
pages = {032103},
year = {2020},
doi = {10.1063/1.5119349}
}